@book{Descartes37,
  Address = {Leyde},
  Author = {Ren\'e Descartes},
  Publisher = {Jan Maire},
  Title = {Discours de la m\'ethode},
  Year = {1637}}


@article{Delaunay34,
  Author = {Delaunay, Boris N.},
  Journal = {Izvestia Akademia Nauk SSSR, Otdelenie Matematicheskii i Estestvennyka Nauk},
  Pages = {793--800},
  Title = {{S}ur la sph{\`e}re vide},
  Volume = {7},
  Year = {1934}}



@article{Voronoi08,
  Author = {Voronoi, G. M.},
  Journal = {Journal f{\"u}r die Reine und Angewandte Mathematik},
  Pages = {198--287},
  Title = {{N}ouvelles applications des param{\`e}tres continus {\`a} la th{\'e}orie des formes quadratiques},
  Volume = {134},
  Year = {1908}}

@article{ozbayoglu2020deep,
  title={Deep learning for financial applications: A survey},
  author={Ozbayoglu, Ahmet Murat and Gudelek, Mehmet Ugur and Sezer, Omer Berat},
  journal={Applied Soft Computing},
  pages={106384},
  year={2020},
  publisher={Elsevier}
}

@article{sezer2020financial,
  title={Financial time series forecasting with deep learning: A systematic literature review: 2005--2019},
  author={Sezer, Omer Berat and Gudelek, Mehmet Ugur and Ozbayoglu, Ahmet Murat},
  journal={Applied Soft Computing},
  volume={90},
  pages={106181},
  year={2020},
  publisher={Elsevier}
}


@article{sezer2018algorithmic,
  title={Algorithmic financial trading with deep convolutional neural networks: Time series to image conversion approach},
  author={Sezer, Omer Berat and Ozbayoglu, Ahmet Murat},
  journal={Applied Soft Computing},
  volume={70},
  pages={525--538},
  year={2018},
  publisher={Elsevier}
}

@article{culkin2017machine,
  title={Machine learning in finance: The case of deep learning for option pricing},
  author={Culkin, Robert and Das, Sanjiv R},
  journal={Journal of Investment Management},
  volume={15},
  number={4},
  pages={92--100},
  year={2017}
}

@article{weber2019anti,
  title={Anti-money laundering in bitcoin: Experimenting with graph convolutional networks for financial forensics},
  author={Weber, Mark and Domeniconi, Giacomo and Chen, Jie and Weidele, Daniel Karl I and Bellei, Claudio and Robinson, Tom and Leiserson, Charles E},
  journal={arXiv preprint arXiv:1908.02591},
  year={2019}
}

@inproceedings{chen2018incorporating,
  title={Incorporating corporation relationship via graph convolutional neural networks for stock price prediction},
  author={Chen, Yingmei and Wei, Zhongyu and Huang, Xuanjing},
  booktitle={Proceedings of the 27th ACM International Conference on Information and Knowledge Management},
  pages={1655--1658},
  year={2018}
}

@inproceedings{wang2019alphastock,
  title={Alphastock: A buying-winners-and-selling-losers investment strategy using interpretable deep reinforcement attention networks},
  author={Wang, Jingyuan and Zhang, Yang and Tang, Ke and Wu, Junjie and Xiong, Zhang},
  booktitle={Proceedings of the 25th ACM SIGKDD International Conference on Knowledge Discovery \& Data Mining},
  pages={1900--1908},
  year={2019}
}

@article{grilli2020generative,
  title={Generative adversarial network for market hourly discrimination},
  author={Grilli, Luca and Santoro, Domenico},
  year={2020}
}

@article{zola2020generative,
  title={Generative Adversarial Networks for Bitcoin Data Augmentation},
  author={Zola, Francesco and Bruse, Jan Lukas and Barrio, Xabier Etxeberria and Galar, Mikel and Urrutia, Raul Orduna},
  journal={arXiv preprint arXiv:2005.13369},
  year={2020}
}
